@article{MCNP,
  author = "P. Barbeau, J. Collar, Y. Efremenko, D.Hornback, J. Newby, D. Reyna, G. Rich, K. Scholberg
  title = "A Desighn Document for the Neutrino-Induced Neutron Pile Concept",
  year = "2014",
  primaryClass = "hep-ex"
}

@misc{ppt,
  author = "Kate Scholberg",
  title = "Neutrino Cross-Section Experiments at the Spallation Neutron Source",
  month = "May",
  year = "2014",
  school = "Duke University",
  howpublished = "\url{http://www.hep.ph.ic.ac.uk/~wascko/nuint14/talks/4.2.3_scholberg_20140522.pdf}"
}
